%% This BibTeX bibliography file was created using BibDesk.
%% http://bibdesk.sourceforge.net/


%% Created for Rodrigo Kochenburger at 2009-04-06 20:33:35 -0300 


%% Saved with string encoding Western (ASCII) 


@book{everitt2002cambridge,
  title={{The Cambridge dictionary of statistics}},
  author={Everitt, B.S. and Everitt, BS},
  year={2002},
  publisher={Cambridge University Press Cambridge}
}

@article{cantossanches97.2,
	Author = {Pascual Cantos G{\'o}mez and Aquilino S{\'a}nchez P{\'e}rez},
	Date-Added = {2009-04-06 20:30:53 -0300},
	Date-Modified = {2009-04-06 20:32:50 -0300},
	Journal = {International Journal of Corpus Linguistics},
	Title = {Predicability of word forms (types) and lemmas in linguistic corpora. A case study based on the analysis of the CUMBRE corpus: an 8-million word corpus of contemporary Spanish},
	Year = {1997}}

@book{cantossanchez97,
	Author = {Pascual Cantos G{\'o}mez and Aquilino S{\'a}nchez P{\'e}rez},
	Date-Added = {2009-04-06 20:27:59 -0300},
	Date-Modified = {2009-04-06 20:30:46 -0300},
	Publisher = {Atlantis: Revista de la Asociaci{\'o}n Espa{\~n}ola de Estudios Anglo-Norteamericanos},
	Title = {El Ritmo Incremental De Palabras Nuevas En Los Repertorios De Textos: Estudio Experimental Y Comparativo Basado En Dos Corpus Ling{\"U}{\'I}sticos Equivalentes De Cuatro Millones De Palabras, De Las Lenguas Inglesa Y Espa{\~N}ola Y En Cinco Autores De Ambas Lenguas},
	Year = {1997}}

@article{biber93,
	Author = {Douglas Biber},
	Date-Added = {2009-04-06 20:22:38 -0300},
	Date-Modified = {2009-04-06 20:23:49 -0300},
	Journal = {Literary and Linguistic Computin},
	Title = {Representativeness in Corpus Design},
	Year = {1993}}

@article{biber90,
	Author = {Douglas Biber},
	Date-Added = {2009-04-06 20:08:30 -0300},
	Date-Modified = {2009-04-06 20:09:33 -0300},
	Journal = {Literary and Linguistic Computing},
	Title = {Methodological Issues Regarding Corpus-based Analyses of Linguistic Variation},
	Year = {1990}}

@book{sinclair97,
	Author = {John Sinclair},
	Date-Added = {2009-04-06 20:02:54 -0300},
	Date-Modified = {2009-04-06 20:04:46 -0300},
	Title = {Corpus evidence in language description},
	Year = {1997}}

@book{leech91,
	Author = {Geoffrey Leech},
	Date-Added = {2009-04-06 20:00:13 -0300},
	Date-Modified = {2009-04-06 20:02:26 -0300},
	Title = {The state of art in corpus linguistics},
	Year = {1991}}

@article{aston97,
	Author = {Guy Aston},
	Date-Added = {2009-04-03 21:28:19 -0300},
	Date-Modified = {2009-04-03 21:30:01 -0300},
	Journal = {PALC Conference},
	Title = {Small and large corpora in language learning},
	Year = {1997}}

@manual{branco08,
	Author = {Antonio Branco and Francisco Costa},
	Date-Added = {2009-04-03 21:25:07 -0300},
	Date-Modified = {2009-04-03 21:26:37 -0300},
	Organization = {Department of Informatics of University of Lisboa},
	Title = {A Computational Grammar for Deep Linguistic Processing of Portuguese: LXGram, version A.4.1},
	Year = {2008}}

@article{brill95,
	Author = {Eric Brill},
	Date-Added = {2009-04-03 21:23:43 -0300},
	Date-Modified = {2009-04-03 21:24:35 -0300},
	Journal = {Computational Linguistics},
	Title = {Transformation-based error-driven learning and natural language processing: a case study in part-of-speech tagging},
	Year = {1995}}

@article{vera01,
	Author = {Vera L{\'u}cia Strube de Lima},
	Date-Added = {2009-04-03 21:21:01 -0300},
	Date-Modified = {2009-04-03 21:23:07 -0300},
	Journal = {IX Escola da Inform{\'a}tica da SBC-Sul},
	Title = {Lingu{\'\i}stica computacional: princ{\'\i}pios e aplica{\c c}{\~o}es},
	Year = {2001}}

@book{allen95,
	Author = {James Allen},
	Date-Added = {2009-04-03 21:19:51 -0300},
	Date-Modified = {2009-04-03 21:20:56 -0300},
	Edition = {2nd},
	Publisher = {The Benjamin/Cummings Publishing Company, Inc.},
	Title = {Natural Language Understanding},
	Year = {1995}}

@inproceedings{black93,
	Address = {Columbus, OH, USA},
	Author = {Ezra Black and Fred Jelinek and John Lafferty and David     M. Magerman and Robin Mercer and Salim Roukos},
	Booktitle = {Proceedings of 31st Annual Meeting of the Association for                   Computational Linguistics},
	Date-Added = {2009-04-03 21:19:04 -0300},
	Date-Modified = {2009-04-03 21:19:07 -0300},
	Title = {Towards History-based Grammars: Using Richer Models for     Probabilistic Parsing},
	Year = 1993}

@unpublished{semanticshare,
	Author = {Ant{\'o}nio Branco},
	Date-Added = {2009-04-03 21:17:31 -0300},
	Date-Modified = {2009-04-06 20:20:32 -0300},
	Month = {April},
	Note = {http://semanticshare.di.fc.ul.pt/. ({\'U}ltimo acesso em Abril 2009)},
	Title = {Semantic Share Project},
	Year = {2009},
	Bdsk-Url-1 = {http://semanticshare.di.fc.ul.pt/}}

@unpublished{florestasintatica,
	Author = {Floresta Sintática},
	Date-Added = {2009-12-03 21:17:31 -0300},
	Date-Modified = {2009-12-03 20:20:32 -0300},
	Month = {Dezembro},
	Note = {http://www.linguateca.pt/Floresta/ ({\'U}ltimo acesso em Dezembro 2009)},
	Title = {Projeto Floresta Sintática},
	Year = {2009},
	Bdsk-Url-1 = {http://www.linguateca.pt/Floresta/}}

@book{bick00,
	Author = {Eckhard Bick},
	Date-Added = {2009-04-03 21:13:09 -0300},
	Date-Modified = {2009-04-03 21:16:52 -0300},
	Publisher = {Aarhus University Press},
	Title = {The Parsing System PALAVRAS, Automatic Grammatical Analysis of Portuguese in a Contraint Grammar Framework},
	Year = {2000}}

@phdthesis{bonfante03,
	Author = {Andr{\'e}ia Gentil Bonfante},
	Date-Added = {2009-04-03 21:12:14 -0300},
	Date-Modified = {2009-04-03 21:13:06 -0300},
	School = {ICMC-USP},
	Title = {Parsing probabil{\'\i}stico para o Portugu{\^e}s do Brasil},
	Year = {2003}}

@article{bonfante02,
	Author = {Andr{\'e}ia Gentil Bonfante, Maria das Graças Volpe Nunes},
	Date-Added = {2009-04-03 21:12:14 -0300},
	Date-Modified = {2009-04-03 21:13:06 -0300},
	School = {ICMC-USP},
	Title = {Parsing probabil{\'\i}stico para o Portugu{\^e}s do Brasil},
	Year = {2002}}


@article{baldridge06,
	Author = {Benjamim Wing and Jason Baldridge},
	Date-Added = {2009-04-03 21:09:35 -0300},
	Date-Modified = {2009-04-03 21:11:28 -0300},
	Journal = {PROPOR 2006},
	Title = {Adaptation of Data and Models for Probabilistic Parsing of Portuguese},
	Year = {2006}}

@phdthesis{prolo03,
	Author = {Carlos A. Prolo},
	Date-Added = {2009-04-03 21:07:16 -0300},
	Date-Modified = {2009-04-03 21:07:50 -0300},
	School = {Department of Computer and Information Science, University                   of Pennsylvania},
	Title = {{LR} Parsing for {Tree} {Adjoining} {Grammars} and its Application                   to Corpus-based Natural Language Parsing},
	Year = {June, 2003}}

@article{charniak97,
	Author = {Eugene Charniak},
	Date-Added = {2009-04-03 21:06:15 -0300},
	Date-Modified = {2009-04-03 21:08:24 -0300},
	Journal = {AI Magazine},
	Title = {Statistical Techniques for Natural Language Parsing},
	Year = {1997}}

@article{bikel04,
	Author = {Dan Bikel},
	Date-Added = {2009-04-03 21:02:24 -0300},
	Date-Modified = {2009-04-03 21:04:42 -0300},
	Journal = {Computational Linguistics},
	Title = {Intricacies of Collins' Parsing Model},
	Year = {2004}}

@conference{bikel02,
	Author = {Dan Bikel},
	Date-Added = {2009-04-03 21:02:24 -0300},
	Date-Modified = {2009-04-03 21:04:42 -0300},
	location = {In the proceedings of HLT 2002},
	Title = {Design of a Multi-lingual, Parallel-processing Statistical Parsing Engine},
	Year = {2002}}


@inproceedings{collins97,
	Address = {Madrid, Spain},
	Author = {Michael Collins},
	Booktitle = {Proceedings of the 35th Annual Meeting of the Association  for Computational Linguistics},
	Date-Added = {2009-04-03 21:00:21 -0300},
	Date-Modified = {2009-04-03 21:00:37 -0300},
	Pages = {16-23},
	Title = {Three Generative, Lexicalised Models for Statistical Parsing},
	Year = 1997}

@book{sardinha04,
	Author = {Tony Berber Sardinha},
	Date-Added = {2009-04-03 20:57:52 -0300},
	Date-Modified = {2009-04-03 20:58:48 -0300},
	Publisher = {Manole},
	Title = {Lingu{\'\i}stica de Corpus},
	Year = {2004}}

@book{abeille03,
	Date-Added = {2009-04-03 20:56:49 -0300},
	Date-Modified = {2009-04-03 20:57:47 -0300},
	Editor = {Anne Abeill{\'e}},
	Publisher = {Kluwer Academic Publishers},
	Title = {Treebanks: Building and Using Parsed Corpora},
	Year = {2003}}

@inproceedings{black91,
	Address = {San Mateo, CA, USA},
	Author = {Ezra Black and Steven Abney and C. Gdaniec and Ralph     Grishman and P. Harrison and Don Hindle and     R. Ingria and Fred Jelinek and Judith Klavans and     Mark Liberman and Mitchell Marcus and Salim Roukos     and Beatrice Santorini and T. Strzalkowski},
	Booktitle = {Proceedings of the DARPA Speech and Natural Language  Workshop},
	Date-Added = {2009-04-03 20:53:53 -0300},
	Date-Modified = {2009-04-03 20:53:58 -0300},
	Title = {A Procedure for Quantitatively Comparing the Syntactic  Coverage of English Grammars},
	Year = 1991}

@article{marcus93,
	Author = {Mitchell P. Marcus and Beatrice Santorini and Mary Ann Marcinkiewicz},
	Date-Added = {2009-04-03 20:53:53 -0300},
	Date-Modified = {2009-04-03 20:54:03 -0300},
	Journal = {Computational Linguistics},
	Number = 2,
	Pages = {313-330},
	Title = {Building a Large Annotated Corpus of {English}: The {Penn} {Treebank}},
	Volume = 19,
	Year = 1993}

@inproceedings{marcus94,
	Author = {Mitchell Marcus and Grace Kim and Mary Ann Marcinkiewicz and Robert MacIntyre and Ann Bies and Mark Ferguson and     Karen Katz and Britta Schasberger},
	Booktitle = {Proceedings of the 1994 Human Language Technology Workshop},
	Date-Added = {2009-04-03 20:53:53 -0300},
	Date-Modified = {2009-04-03 20:54:08 -0300},
	Title = {The {Penn} {Treebank}: Annotating Predicate Argument Structure},
	Year = 1994}

@book{manning99,
	Author = {Christopher D. Manning and Hinrich Sch{\"u}tze},
	Date-Added = {2009-04-03 20:35:34 -0300},
	Date-Modified = {2009-04-03 20:36:58 -0300},
	Publisher = {The MIT Press, Cambridge, MA},
	Title = {Foundations of Statistical Natural Language Processing},
	Year = {1999}}

@phdthesis{collins99,
	Author = {Michael Collins},
	Date-Added = {2009-04-03 20:25:39 -0300},
	Date-Modified = {2009-04-03 20:37:02 -0300},
	Number = {MS-CIS-90-48, LINC LAB179},
	School = {Department of Computer and Information Science, University of Pennsylvania},
	Title = {Head-Driven Statistical Models for Natural Language Parsing},
	Year = 1999}

@book{jurafsky,
	Author = {Daniel Jurafsky and James H. Martin},
	Date-Added = {2009-04-03 20:25:26 -0300},
	Date-Modified = {2009-04-03 20:37:07 -0300},
	Publisher = {Prentice-Hall},
	Title = {Speech and Language Processing},
	Year = {2000}}
