@Article{Luvic:2001,
author 	={L. Gauthier and S. Yoo and A. A. Jerraya},
title  	={Automatic Generation and Targeting of Application Specific Operating Systems and Embedded Systems Software},
journal	={Design, Automation and Test in Europe Conference \& Exhibition - DATE},
month	= "março",
year 	= 2001,
pages    ={679-685}
}

@Article{Stepner:1999,
author	={D. Stepner and N. Rajan and D. Hui},
title	={Embedded Appilcation Design Using a Real-Time OS},
journal	={36th Design Automation Conference - DAC},
month	= "junho",
year 	= 1999,
pages    ={151-156}
}

@Article{Herrera:2003,
author	={F. Herrera and H. Posadas and P. Sanchez and E. Villar},
title	={Systematic Embedded Software Generation from SystemC},
journal	={Design, Automation and Test in Europe Conference \& Exhibition - DATE},
month   = "março",
year 	= 2003,
pages    ={142-147}
}


@Article{Mooney:2003,
author  ={V. Mooney III},
title   ={Hardware/Software Partitioning of Operating Systems},
journal ={Design, Automation and Test in Europe Conference \& Exhibition - DATE},
month   = "março",
year    = 2003,
pages   = {338-339}
}

@Article{dirk:2000,
author	= {D. Desmet and D. Verkest and H. De Man},
title	= {Operating System based Software Generation for Systems-on-Chip},
journal	= {37th Design Automation Conference - DAC},
month   = "junho",
year	= 2000,
pages    ={396-401}
}

@Article{Lee:2001,
author	= {Edward A. Lee},
title	= {Embedded Software},
journal	= {Advances in Computers (M. Zelkowitz, editor)},
volume  = 56,
section ={Academic Press},
address ={Londres},
year	= 2002
}

@Article{Arnout:2002,
author	= {Guido Arnout},
title	= {Eda moving up, Again!},
journal	= {6th European SystemC Users Group},
year	= 2002
}

@Misc{Synopsys:2002,
author = {Synopsys Inc.},
title  = {CoCentric System Studio Enables Verification at Multiple Levels of Abstraction with SystemC},
note = {Capturado em: http://www.synopsys.com/products/cocentric\_studio/cocentric\_studiwp.pdf, Setembro, 2003},
month = {Janeiro},
year = 2002
}

@techreport{gajski:cecs,
author	= {Daniel Gajski},
title	= {RTOS Modeling for System Level Synthesis},
institution = {Center for Embedded Computer Sytstems},
number 	= {03-12},
month   = "março",
year	= 2003
}

@Article{Jerraya:2001,
author	= {A. A. Jerraya and K. Svarstad},
title	= {A higher level system communication model for object-oriented specification and design of embedded systems},
journal	= {7th Asia-South Pacific Design Automation Conference Proceedings - ASPDAC},
month   = "janeiro",
year	= 2001,
pages    ={69-78}
}

@Article{gaph:2003,
author	= {N. Calazans and E. Moreno and F. Hessel and V. Rosa and F. Moraes and E. Carara},
title	= {From VHDL Register Transfer Level to SystemC Transaction Level Modeling: a Comparative Case Study},
journal	= {16TH SYMPOSIUM ON INTEGRATED CIRCUITS AND SYSTEMS DESIGN - SBCCI},
month   = "setembro",
year	= 2003,
pages    ={355-360}
}

@techreport{Haobo:2003,
author	= {Haobo Yu and Andreas Gerslauer and Daniel Gajski},
title	= {RTOS Scheduling in Transaction Level Models},
institution = {Center for Embedded Computer Sytstems},
number 	= {03-10},
year	= 2003
}

@techreport{luka:2003,
author	= {Lukai Cai and Daniel Gajski},
title	= {Transaction Level Modeling in System Level Design},
institution = {Center for Embedded Computer Sytstems},
number 	= {03-10},
year	= 2003
}

@Article{Pasricha:2002,
author	= {Sudeep Pasricha},
title	= {Transaction level modeling of SOC with SystemC2.0},
journal	= {Synopsys Users Group Conference},
year	= 2002
}

@Article{Bailey:2001,
author	= {Brian Bailey and Daniel Gajski},
title	= {RTL semantics and methodology},
journal	= {ISSS},
year	= 2001
}

@techreport{Dongwan:2002,
author	= {Dongwan Shin and Daniel Gajski},
title	= {Scheduling in RTL Design Methodology},
institution = {Center for Embedded Computer Sytstems},
year	= 2002
}

@Misc{VxWorks:2003,
author = {WindRiver},
title  = {VxWorks 5.x Wind River Operating Systems},
note = {Capturado em: http://www.windriver.com/products/vxworks5/index.html, Agosto, 2003},
month = {Agosto},
year = 2003
}

@Misc{uclinux:2003,
author = {uCLinux},
title  = {uCLinux Embedded Linux/Microcontroller Project - Description},
note = {Capturado em: http://www.uclinux.org/description/, Agosto, 2003},
month = {Agosto},
year = 2003
}

@Misc{symbian:2003,
author = {Symbian},
title  = {Symbian OS Version 7.0},
note = {Capturado em: http://www.symbian.com/technology/whitepapers.html, Agosto, 2003},
month = {Agosto},
year = 2003
}

@Misc{ecos:2003,
author = {eCos},
title  = {eCos Reference Manual},
note = {Capturado em: http://sources.redhat.com/ecos/docs-latest/ref/ecos-ref.html, Agosto, 2003},
month = {Agosto},
year = 2003
}

@Misc{qnx:2003,
author = {QNX},
title  = {QNX Momentics Development Suite},
note = {Capturado em: http://qnx.com/developer/docs/momentics621docs/momentics/index.html, Agosto, 2003},
month = {Agosto},
year = 2003
}

@Misc{uitron:spec,
author = {ITron Committee, Tron Association},
title  = {uITRON4.0 Specification},
note = {Capturado em: http://www.ertl.jp/ITRON/SPEC/FILE/mitron-400e.pdf, Outubro, 2003},
month = {Outubro},
year = 2003
}

@Misc{itron:2003,
author = {ITron},
title  = {ITRON Project Home Page},
note = {Capturado em: http://www.assoc.tron.org/itron/home-e.html, Agosto, 2003},
month = {Agosto},
year = 2003
}

@Misc{choices:2003,
author 	= {SRG},
title	= {SRG --- Choices},
note = {Capturado em: http://choices.cs.uiuc.edu/choices/, Agosto, 2003},
month	= {Agosto},
year	= 2003
}

@Misc{R8:2003,
author	= {Gaph},
title	= {Gaph - R8 Processor Core},
note = {Capturado em: http://www.inf.pucrs.br/~gaph/Projects/R8/R8%20Processor%20Core.html, Agosto, 2003},
month	= {Agosto},
year	= 2003
}

@Misc{FSMLabs:2003,
author	= {FSMLabs},
title	= {The RTLinux Company},
note = {Capturado em: http://www.fsmlabs.com/products/rtlinuxpro/, Outubro, 2003},
month	= {Outubro},
year	= 2003
}

@Misc{linux:2003,
author	= {Linux Online},
title	= {The Linux Home Page at Linux Online},
note = {Capturado em: http://www.linux.org/, Outubro, 2003},
month	= {Outubro},
year	= 2003
}

@Misc{cat:2001,
author	= {Catherine Lingxia Wang and Bo Yao and Yang Yang and Zhengyong Zhu},
title	= {A Survey of Embedded Operating System},
year	= 2001
}

@Book{patterson:2003,
author = {David A. Patterson and John L. Hennessy},
title = {Organização e projeto de computadores. A interface harware/software},
publisher = {LTC},
edition = {2nd},
year  = 2003
}

@Book{silber:2002,
author = {Abraham Silberschatz and Peter Baer Galvin and Greg Gagne},
title = {Operating System Concepts},
publisher = {John Wiley \& Sons, Inc.},
edition = {6nd},
year  = 2002
}

@Book{tane:2000,
author = {Andrew S. Tanenbaum},
title = {Sistemas Operacionais: projeto e implementação},
publisher = {Bookman},
edition = {2nd},
year  = 2000
}

@Book{wolf:2000,
author = {Wayne Wolf},
title = {Computers as Components: Principles of Embedded Computing System Design},
publisher = {Morgan Kaufmann},
year = 2000
}

@Book{8051:2000,
author	= {Denys E. C. Nicolosi},
title	= {Microcontrolador 8051 Detalhado},
publisher  = {Erica},
year = 2000
}

@Book{Buttazzo:2002,
author	= {Giorgio C. Buttazzo},
title	= {Hard Real-Time Computing Systems},
publisher  = {Kluwer Academic Publishers},
year = 2002
}

@phdthesis{gau:2001,
author	= {Lovic Gauthier},
year	= 2001,
school	= {Techniques of Informatics and Microeletronics for computer Architecture},
title	= {Génération de système d'exploitation pour le ciblage de logiciel multitâche sur des architectures multiprocesseurs hétérogènes dans le cadre des systèmes embarqués spécifiques}
}

@Book{linux:2000,
author	= {Ellen Siever},
title	= {LINUX : o guia essencial},
publisher  = {Campus},
year = 2000
}

@Book{windows:2000,
author	= {Microsoft Corporation},
title	= {Microsoft Windows 2000 server : it professional},
publisher  = {Redmond : Microsoft Press},
year = 2000
}

@Misc{Microsoft:2003,
author	= {Microsoft Corporation},
title	= {Windows CE.NET},
note = {Capturado em: http://www.microsoft.com/windows/embedded/ce.net/evaluation/over-view/default.asp, Outubro, 2003},
month	= {Agosto},
year	= 2003
}

@Misc{dedicated:2003,
author	= {Dedicated Systems},
title	= {Dedicated Systems' web site},
note = {Capturado em: www.dedicated-systems.com, Outubro, 2003 },
month	= {Outubro},
year	= 2003
}

@Misc{ITRS:2001,
author = {ITRS},
title  = {System Drivers},
note = {Capturado em: http://public.itrs.net/Files/2001ITRS/Home.htm, Setembro, 2003},
year   = {2001}
}

@Article{Ces:2002,
author	= {W. Cesário and A. Baghadi and L. Gauthier and D. Lyonnard and G. Nicolescu and Y. Paviot and S. Yoo and A.A. Jerraya and M. Diaz},
title	= {Component-Based Designed Approach for Multicore SOCs},
journal	= {39th Design Automation Conference - DAC},
month   = "junho",
year	= 2002,
pages    ={789-794}
}

@Article{zuberi:2001,
author  = {K. M. Zuberi and K. G. Shin},
title   = {EMERALDS: A Small-Memory Real-Time Microkernel},
journal = {IEEE Trans. on Software Engineerin},
month   = "outubro",
year	= 2001,
volume  = 27,
pages   = {909-928}
}

@Article{nos:2003,
author	= {Régio Michelin and Luis Ries and José Tavares and Fabiano Hessel},
title	= {A Customized Embedded OS for the 8051 Microcontroller},
journal	= {SIM - South Symposium on Microelectronics},
month	= "junho",
year	= 2003,
volume	= 18,
pages 	= {}
}
